<?xml version="1.0" encoding="UTF-8"?><collection xmlns="http://www.loc.gov/MARC21/slim"><record><leader>00411nam--2200133-i-4500</leader><controlfield tag="001">000046850</controlfield><controlfield tag="002">20161230</controlfield><controlfield tag="005">20161230201046</controlfield><controlfield tag="008">060222s1000------------r-----000-0-eng-d</controlfield><datafield ind1=" " ind2=" " tag="080"><subfield code="a">543.5</subfield></datafield><datafield ind1=" " ind2=" " tag="100"><subfield code="a">Voljin, Valentina</subfield></datafield><datafield ind1=" " ind2=" " tag="245"><subfield code="a">Distribution du tritium dans l`eau de la mer noir-cote roumaine. analyse...spectrometrique et dosage du 90-sr</subfield></datafield><datafield ind1=" " ind2=" " tag="260"><subfield code="a">Bucuresti, Univ.Din Bucuresti, 1970. 11 P</subfield></datafield><datafield ind1=" " ind2=" " tag="852"><subfield code="a">32661</subfield></datafield></record></collection>